@article{neural2018ode,
  author={Chen, Ricky T. Q. and Rubanova, Yulia and Bettencourt, Jesse and Duvenaud, David},
  title="{Neural Ordinary Differential Equations}",
  journal={Advances in Neural Information Processing Systems},
  year={2018},
}

@article{rubanova2019latent,
  title={Latent odes for irregularly-sampled time series},
  author={Rubanova, Yulia and Chen, Ricky TQ and Duvenaud, David},
  journal={arXiv preprint arXiv:1907.03907},
  year={2019}
}

@article{chen1957integration,
  title={Integration of paths, geometric invariants and a generalized Baker-Hausdorff formula},
  author={Chen, KT},
  year={1957}
}

@article{reizenstein2018iisignature,
  title={The iisignature library: efficient calculation of iterated-integral signatures and log signatures},
  author={Reizenstein, Jeremy and Graham, Benjamin},
  journal={arXiv preprint arXiv:1802.08252},
  year={2018}
}

@article{reizenstein2017logsig,
  title={{Calculation of Iterated-Integral Signatures and Log Signatures}},
  author={Reizenstein, Jeremy},
  journal={arXiv preprint arXiv:1712.02757},
  year={2017}
}

@inproceedings{de2019gru,
  title={GRU-ODE-Bayes: Continuous modeling of sporadically-observed time series},
  author={De Brouwer, Edward and Simm, Jaak and Arany, Adam and Moreau, Yves},
  booktitle={Advances in Neural Information Processing Systems},
  pages={7379--7390},
  year={2019}
}

@article{cho2014properties,
  title={On the properties of neural machine translation: Encoder-decoder approaches},
  author={Cho, Kyunghyun and Van Merri{\"e}nboer, Bart and Bahdanau, Dzmitry and Bengio, Yoshua},
  journal={arXiv preprint arXiv:1409.1259},
  year={2014}
}

@article{kidger2020neural,
  title={Neural controlled differential equations for irregular time series},
  author={Kidger, Patrick and Morrill, James and Foster, James and Lyons, Terry},
  journal={arXiv preprint arXiv:2005.08926},
  year={2020}
}

@misc{MonashTSRegressionArchive,
    title = {Monash University, UEA, UCR Time Series Regression Archive},
    author = {Chang Wei Tan and Anthony Bagnall and Christoph Bergmeir and Eamonn Keogh and Francois Petitjean and Geoffrey I. Webb},
    year = {2020},
    note = {\url{http://timeseriesregression.org/}}
}

@article{bagnall16bakeoff,
title={The Great Time Series Classification Bake Off: a Review and Experimental Evaluation of Recent Algorithmic Advances},
author={A. Bagnall and J. Lines and A. Bostrom and J. Large and E. Keogh},
journal={Data Mining and Knowledge Discovery},
volume={31},
issue={3},
pages={606-660},
year={2017}
}

@article{diperna1989ordinary,
  title={Ordinary differential equations, transport theory and Sobolev spaces},
  author={DiPerna, Ronald J and Lions, Pierre-Louis},
  journal={Inventiones mathematicae},
  volume={98},
  number={3},
  pages={511--547},
  year={1989},
  publisher={Springer}
}

@article{fliess1983algebraic,
  title={An algebraic approach to nonlinear functional expansions},
  author={Fliess, Michel and Lamnabhi, Moustanir and Lamnabhi-Lagarrigue, Fran{\c{c}}oise},
  journal={IEEE transactions on circuits and systems},
  volume={30},
  number={8},
  pages={554--570},
  year={1983},
  publisher={IEEE}
}

@book{butcher2016ode,
  author={Butcher, John C.},
  title="{Numerical Methods for Ordinary Differential Equations}",
  publisher="{John Wiley and Sons}",
  year={2016},
}

@article{primer2016signature,
  title={A Primer on the Signature Method in Machine Learning},
  author={Chevyrev, Ilya and Kormilitzin, Andrey},
  journal={arXiv preprint arXiv:1603.03788},
  year = {2016}
}

@article{salehinejad2017recent,
  title={Recent advances in recurrent neural networks},
  author={Salehinejad, Hojjat and Sankar, Sharan and Barfett, Joseph and Colak, Errol and Valaee, Shahrokh},
  journal={arXiv preprint arXiv:1801.01078},
  year={2017}
}

@article{lyons2014streams,
  author={Lyons, Terry},
  title={Rough paths, signatures and the modelling of functions on streams},
  journal={Proceedings of the International Congress of Mathematicians},
  volume={4},
  year={2014},
}

@article{gyurko2008logode,
  title={{Rough paths based numerical algorithms in computational
finance}},
  author={Gyurk\'{o}, Lajos Gergely and Lyons, Terry },
  journal={Mathematics in Finance: UIMP-RSME Lluis A. Santal\'{o} Summer School},
  year={2008}
}

@article{flint2015logode,
title={{Pathwise approximation of SDEs by coupling piecewise abelian rough paths}},
author={Flint, Guy and Lyons, Terry},
year={2015},
journal={arXiv:1505.01298}
}

@article{logode2014estimate,
  title={{Dimension-free Euler estimates of rough differential equations}},
  author={Boutaib, Youness and Gyurk\'{o}, Lajos Gergely and Lyons, Terry and Yang, Danyu},
  journal={Revue Roumaine de Mathmatiques Pures et Appliques},
  volume = {59},
  year={2014}
}

@article{magnus2008expansion,
  title={{The Magnus expansion and some of its applications}},
  author={Blanes, Sergio and Casas, Fernando and Oteo, Jose-Angel and Ros, Jose},
  journal={Physics Reports},
  volume = {470},
  number = {5-6},
  pages = {151-238},
  year={2009},
}

@book{tensorproducts2002book,
  title={{Introduction to Tensor Products of Banach Spaces}},
  author={Ryan, Raymond A.},
  publisher={Springer Monographs in Mathematics, Springer},
  year={2002}
}

@article{roughpath1998def,
  author={Lyons, Terry},
  title={Differential equations driven by rough signals},
  journal={Revista Matem\'{a}tica Iberoamericana},
  volume = {14},
  year={1998},
}

@book{roughpath2007notes,
  title={Differential equations driven by rough paths},
  author={Lyons, Terry and Caruana Michael and L\'{e}vy Thierry},
  publisher={In \'{E}cole dâ€™\'{e}t\'{e} de probabilit\'{e}s de Saint-Flour XXXIV-2004, edited by
J. Picard in Volume 1908 of Lecture Notes in Mathematics, Berlin, Springer},
  year={2007},
}

@book{friz2010multidimensional,
  title={Multidimensional stochastic processes as rough paths: theory and applications},
  author={Friz, Peter K and Victoir, Nicolas B},
  volume={120},
  year={2010},
  publisher={Cambridge University Press},
}

@article{hambly2010sigunique,
  author={Hambly, Ben and Lyons, Terry},
  title={Uniqueness for the signature of a path of bounded variation and the reduced path group},
  journal={Annals of Mathematics},
  volume={171},
  year={2010},
}

@article{gaines1997variable,
  title={Variable step size control in the numerical solution of stochastic differential equations},
  author={Gaines, Jessica G and Lyons, Terry},
  journal={SIAM Journal on Applied Mathematics},
  volume={57},
  number={5},
  pages={1455--1484},
  year={1997},
  publisher={SIAM}
}

@article{horatio2020sig,
  title={Path developments and tail asymptotics of signature for pure rough paths},
  author={Boedihardjo, Horatio and Geng, Xi and Sourisa, Nikolaos P},
  journal={Advances in Mathematics},
  volume={364},
  year={2020},
}

@inproceedings{morrill2019sig,
  title = {{The Signature-based Model for Early Detection of Sepsis from Electronic Health Records in the Intensive Care Unit}},
  author = {Morrill, James and Kormilitzin, Andrey and Nevado-Holgado, Alejo and Swaminathan, Sumanth and Howison, Sam and Lyons, Terry},
  booktitle = {International Conference in Computing in Cardiology
2019 (CINC 2019)},
  year = {2019},
}

@article{imanol2018sig,
  title = {A signature-based machine learning model for bipolar disorder and borderline personality disorder},
  author = {Perez Arribas, Imanol and Saunders, Kate and Goodwin, Guy and Lyons, Terry},
  journal = {Translational Psychiatry},
  volume = {8},
  number = {1},
  pages = {274},
  year = {2018},
}

@article{bonnier2019sig,
  author={Bonnier, Patric and Kidger, Patrick and Perez Arribas, Imanol and Salvi, Cristopher and Lyons, Terry},
  title="{Deep Signature Transforms}",
  journal={Advances in Neural Information Processing Systems},
  year={2019},
}

@article{signatory,
    title={{Signatory: differentiable computations of the signature and logsignature transforms, on both CPU and GPU}},
    author={Kidger, Patrick and Lyons, Terry},
    journal={arXiv:2001.00706},
    url={https://github.com/patrick-kidger/signatory},
    year={2020}
}

@incollection{pytorch,
title = {PyTorch: An Imperative Style, High-Performance Deep Learning Library},
author = {Paszke, Adam and Gross, Sam and Massa, Francisco and Lerer, Adam and Bradbury, James and Chanan, Gregory and Killeen, Trevor and Lin, Zeming and Gimelshein, Natalia and Antiga, Luca and Desmaison, Alban and Kopf, Andreas and Yang, Edward and DeVito, Zachary and Raison, Martin and Tejani, Alykhan and Chilamkurthy, Sasank and Steiner, Benoit and Fang, Lu and Bai, Junjie and Chintala, Soumith},
booktitle = {Advances in Neural Information Processing Systems 32},
pages = {8024--8035},
year = {2019},
publisher = {Curran Associates, Inc.},
}

@inproceedings{yang2015sig,
  title = {{Chinese character-level writer identification using path signature feature, DropStroke and deep CNN}},
  author = {Yang, Weixin and Jin, Lianwen and Liu, Manfei},
  booktitle = {13th International Conference on Document Analysis and
Recognition (ICDAR)},
  pages = {546-550},
  publisher = {IEEE},
  year = {2015},
}

@article{xie2018sig,
  title = {Learning spatial-semantic context with fully convolutional recurrent network for online handwritten Chinese text recognition},
  author = {Xie, Zecheng and Sun, Zenghui and Jin, Lianwen and Ni, Hao and Lyons, Terry},
  journal = {IEEE transactions on pattern analysis and machine intelligence},
  volume = {40},
  number = {8},
  pages = {1903-1917},
  year = {2018},
}

@article{yang2016sig1,
  title = "{DropSample: A new training method to enhance deep convolutional neural networks for large-scale unconstrained handwritten Chinese character recognition}",
  author = {Yang, Weixin and Jin, Lianwen and Tao, Dacheng and Xie, Zecheng and Feng, Ziyong},
  journal = {Pattern Recognition},
  volume = {58},
  pages = {190-203},
  year = {2016},
}

@article{yang2016sig2,
  title = "{DeepWriterID: An End-to-end Online Text-independent Writer Identification System}",
  author = {Yang, Weixin and Jin, Lianwen and Liu, Manfei},
  journal = {IEEE Intelligent Systems},
  volume = {31},
  issue = {2},
  pages = {45-53},
  year = {2016},
}

@inproceedings{li2017sig,
  title = "{LPSNet: A Novel Log Path Signature Feature based Hand Gesture Recognition
Framework}",
  author = {Li, Chenyang and Zhang, Xin and Jin, Lianwen},
  booktitle = {Proceedings of the IEEE International Conference on Computer Vision},
  pages = {631-639},
  year = {2017},
}

@article{yang2017sig,
  title = {{Developing the Path Signature Methodology and its Application to Landmark-based Human Action Recognition}},
  author = {Yang, Weixin and Lyons, Terry and Ni, Hao and Schmid, Cordelia and Jin Lianwen},
  journal = {arXiv preprint arXiv:1707.03993},
  year = {2017},
}

@inproceedings{yang2016sig3,
  title = {Rotation-free online handwritten character recognition using dyadic path signature features, hanging normalization, and deep neural network},
  author = {Yang, Weixin and Jin Lianwen and Ni, Hao and Lyons, Terry},
  booktile = {23rd International Conference on Pattern Recognition (ICPR)},
  pages = {4083-4088},
  publisher = {IEEE},  
  year = {2016},
}

@article{moore2019sig,
  title = "{Using path signatures to predict a diagnosis of Alzheimerâ€™s disease}",
  author = {Moore, Paul and Lyons, Terry and Gallacher, John},
  journal = "{PLOS One}",
  volume = {14},
  number = {9},
  year = {2019},
}

@inproceedings{wang2019sig,
  title = "{A Path Signature Approach for Speech Emotion Recognition}",
  author = {Wang, Bo and Liakata, Maria and Ni, Hao and Lyons, Terry and Nevado-Holgado, Alejo and Saunders, Kate},
  booktitle = "{Proceedings Interspeech 2019}",
  pages = {1661-1665},
  publisher = "{ISCA}",
  year = {2019},
}

@inproceedings{wilsonnunn2018sig,
  title = "{A Path Signature Approach to Online Arabic Handwriting
Recognition}",
  author = {Wilson-Nunn, Daniel and Lyons, Terry and Papavasiliou, Anastasia and Ni, Hao},
  booktitle = {Proceedings of the IEEE 2nd International Workshop on Arabic
and Derived Script Analysis and Recognition (ASAR)},
  pages = {135-139},
  publisher = {IEEE},
  year = {2018},
}

@article{kiraly2019sig,
  title = {Kernels for sequentially ordered data},
  author = {Kir\'{a}ly, Franz J and Oberhauser, Harald},
  journal = {Journal of Machine Learning Research},
  volume = {20},
  number = {31},
  pages = {1-45},
  year = {2019},
}

@article{chevyrev2018sig1,
  title = {Persistence paths and signature features in topological data analysis},
  author = {Chevyrev, Ilya and Nanda, Vidit and Oberhauser, Harald},
  journal = {IEEE transactions on pattern analysis and machine intelligence},
  volume = {42},
  number = {1},
  pages = {192-202},
  year = {2018},
}

@article{chevyrev2018sig2,
  title = {Signature moments to characterize laws of stochastic processes},
  author = {Chevyrev, Ilya and Oberhauser, Harald},
  journal = {arXiv preprint arXiv:1810.10971},
  year = {2018},
}

@article{toth2019sig,
  title = {{Variational Gaussian Processes with Signature Covariances}},
  author = {Toth, Csaba and Oberhauser, Harald},
  journal = {arXiv preprint arXiv:1906.08215},
  year = {2019},
}

@article{fermanian2019sig,
  title = {Embedding and learning with signatures},
  author = {Fermanian, Adeline},
  journal = {arXiv preprint arXiv:1911.13211},
  year = {2019},
}

@book{gyurko2008thesis,
  author={Gyurk\'{o}, Lajos Gergely},
  title="Numerical methods for approximating solutions to rough differential equations",
  publisher="DPhil thesis, University of Oxford",
  year="2008",
}

@article{ruemelin1982numerical,
  title={Numerical treatment of stochastic differential equations},
  author={R{\"u}emelin, W},
  journal={SIAM Journal on Numerical Analysis},
  volume={19},
  number={3},
  pages={604--613},
  year={1982},
  publisher={SIAM}
}

@article{li2006smoothness,
  author={Li, Xiang-Dong and Lyons, Terry},
  title="{Smoothness of It\^{o} maps and diffusion processes on path spaces}",
  journal={Annales scientifiques de l'\'{E}cole Normale Sup\'{e}rieure, Serie 4},
  volume={39},
  pages={649-677},
  year={2006},
}

@article{wongzakai1965,
author = {Wong, Eugene and Zakai, Moshe},
journal = {Annals of Mathematical Statistics},
number = {5},
pages = {1560--1564},
publisher = {The Institute of Mathematical Statistics},
title = "{On the Convergence of Ordinary Integrals to Stochastic Integrals}",
volume = {36},
year = {1965}
}

@article{foster2020poly,
  author={Foster, James and Oberhauser, Harald and Lyons, Terry},
  title={{An optimal polynomial approximation of Brownian motion}},
  journal={SIAM Journal on Numerical Analysis},
  volume={58},
  number={3},
  pages={1393--1421},
  year={2020}
}

@phdthesis{janssen2012thesis,
 title={Order book models, signatures and numerical approximations of rough differential equations},
 author={Janssen, Arend},
 year={2011},
 school={University of Oxford}
}

@article{de2015survey,
  title={A survey on the application of recurrent neural networks to statistical language modeling},
  author={De Mulder, Wim and Bethard, Steven and Moens, Marie-Francine},
  journal={Computer Speech \& Language},
  volume={30},
  number={1},
  pages={61--98},
  year={2015},
  publisher={Elsevier}
}

@article{campos2017skip,
  title={{Skip RNN: Learning to Skip State Updates in Recurrent Neural Networks}},
  author={Campos, V{\'\i}ctor and Jou, Brendan and Gir{\'o}-i-Nieto, Xavier and Torres, Jordi and Chang, Shih-Fu},
  journal={arXiv preprint arXiv:1708.06834},
  year={2017}
}

@incollection{graves2012supervised,
  title={Supervised sequence labelling},
  author={Graves, Alex},
  booktitle={Supervised sequence labelling with recurrent neural networks},
  pages={5--13},
  year={2012},
  publisher={Springer}
}

@article{liao2019learning,
  title={{Learning stochastic differential equations using RNN with log signature features}},
  author={Liao, Shujian and Lyons, Terry and Yang, Weixin and Ni, Hao},
  journal={arXiv preprint arXiv:1908.08286},
  year={2019}
}

@ARTICLE{pinkus,
    author_fullname = {Allan Pinkus},
    author = {Pinkus, A.},
    title = {Approximation theory of the {MLP} model in neural networks},
    journal_full = {Acta Numerica},
    journal = {Acta Numer.},
    year = {1999},
    volume = {8},
    pages = {143--195},
    publisher={Cambridge University Press}
}

@article{deepandnarrow,
author={Kidger, Patrick and Lyons, Terry},
title={{Universal Approximation with Deep Narrow Networks}},
year={2020},
journal={COLT 2020}
}